
@misc{krekel_pytest:_2019,
	title = {pytest: helps you write better programs — pytest documentation},
	shorttitle = {python\_pytest},
	url = {https://docs.pytest.org/en/latest/#},
	urldate = {2019-06-03},
	author = {Krekel, Holger},
	year = {2019},
	file = {pytest\: helps you write better programs — pytest documentation:/home/will/Zotero/storage/LDQA3QE3/latest.html:text/html}
}

@misc{python_software_foundation_typing_2019,
	title = {typing — {Support} for type hints — {Python} 3.7.3 documentation},
	shorttitle = {python\_typing\_lib},
	url = {https://docs.python.org/3/library/typing.html},
	urldate = {2019-06-03},
	author = {Python Software Foundation},
	year = {2019},
	file = {typing — Support for type hints — Python 3.7.3 documentation:/home/will/Zotero/storage/IUV4PGQP/typing.html:text/html}
}